@article{saitou1987neighbor,
  title={The neighbor-joining method: a new method for reconstructing phylogenetic trees.},
  author={Saitou, Naruya and Nei, Masatoshi},
  journal={Molecular biology and evolution},
  volume={4},
  number={4},
  pages={406--425},
  year={1987}
}

@article{ibtehaz2018multidimensional,
	title={Multidimensional segment trees can do range queries and updates in logarithmic time},
	author={Ibtehaz, Nabil and Kaykobad, M and Rahman, M Sohel},
	journal={arXiv preprint arXiv:1811.01226},
	year={2018}
}

@article{van2013,
  title={Updating the Y-chromosomal phylogenetic tree for forensic applications based on whole genome SNPs},
  author={Van Geystelen, Anneleen and Decorte, Ronny and Larmuseau, MHD},
  journal={Forensic Science International: Genetics},
  volume={7},
  number={6},
  pages={573--580},
  year={2013},
  publisher={Elsevier}
}

@article{sennblad2002,
  title={Classification of Apocynaceae s. 1. according to a new approach combining Linnaean and phylogenetic taxonomy},
  author={Sennblad, Bengt and Bremer, Birgitta},
  journal={Systematic biology},
  volume={51},
  number={3},
  pages={389--409},
  year={2002},
  publisher={Society of Systematic Zoology}
}

@article{lu2014,
  title={Determining the phylogenetic and phylogeographic origin of highly pathogenic avian influenza (H7N3) in Mexico},
  author={Lu, Lu and Lycett, Samantha J and Brown, Andrew J Leigh},
  journal={PloS one},
  volume={9},
  number={9},
  pages={e107330},
  year={2014},
  publisher={Public Library of Science}
}

@article{haynie2016,
  title={Phylogenetic approach to the evolution of color term systems},
  author={Haynie, Hannah J and Bowern, Claire},
  journal={Proceedings of the National Academy of Sciences},
  volume={113},
  number={48},
  pages={13666--13671},
  year={2016},
  publisher={National Acad Sciences}
}

@article{riley2003,
  title={A phylogenetic approach to assessing the targets of microbial warfare},
  author={Riley, Margaret A and Goldstone, CM and Wertz, JE and Gordon, David},
  journal={Journal of evolutionary biology},
  volume={16},
  number={4},
  pages={690--697},
  year={2003},
  publisher={Wiley Online Library}
}
